<record><leader>00000cas a22000007a 4500</leader><controlfield tag="001">18188239</controlfield><controlfield tag="008">880708d189u1894pauwr ne      0    0eng d</controlfield><datafield ind1=" " ind2=" " tag="010"><subfield code="a">sn 88079352 </subfield></datafield><datafield ind1=" " ind2=" " tag="040"><subfield code="a">NPH</subfield><subfield code="b">eng</subfield><subfield code="c">NPH</subfield><subfield code="d">OCLCQ</subfield></datafield><datafield ind1="0" ind2="4" tag="245"><subfield code="a">The weekly clippings.</subfield></datafield><datafield ind1=" " ind2=" " tag="260"><subfield code="a">Titusville, Pa. :</subfield><subfield code="b">Clippings Co., Pub.</subfield></datafield><datafield ind1=" " ind2=" " tag="300"><subfield code="a">v. :</subfield><subfield code="b">ill. ;</subfield><subfield code="c">55 cm.</subfield></datafield><datafield ind1=" " ind2=" " tag="310"><subfield code="a">Weekly</subfield></datafield><datafield ind1="1" ind2=" " tag="362"><subfield code="a">Ceased in 1894?</subfield></datafield><datafield ind1=" " ind2=" " tag="588"><subfield code="a">Description based on: Vol. 1, no. 47 (Nov. 8, 1893).</subfield></datafield><datafield ind1=" " ind2=" " tag="752"><subfield code="a">United States</subfield><subfield code="b">Pennsylvania</subfield><subfield code="c">Crawford</subfield><subfield code="d">Titusville.</subfield></datafield><datafield ind1="0" ind2="0" tag="780"><subfield code="t">Clippings (Titusville, Pa.)</subfield><subfield code="w">(DLC)sn 88080789</subfield></datafield></record>